<collection xmlns="http://www.loc.gov/MARC21/slim">
<record>
  <leader>01786nam0a22003491i 450 </leader>
  <controlfield tag="001">IT\ICCU\CNCE\067142</controlfield>
  <controlfield tag="005">20060920000000.0</controlfield>
  <datafield tag="012" ind1=" " ind2=" ">
    <subfield code="a">&apos;-Di 30o. a,e&apos; uide (3) 1565 (R)</subfield>
    <subfield code="2">fei</subfield>
  </datafield>
  <datafield tag="100" ind1=" " ind2=" ">
    <subfield code="a">20060907d1565        0itac0103    ba</subfield>
  </datafield>
  <datafield tag="101" ind1=" " ind2=" ">
    <subfield code="a">ITA</subfield>
  </datafield>
  <datafield tag="102" ind1=" " ind2=" ">
    <subfield code="a">IT</subfield>
  </datafield>
  <datafield tag="200" ind1="1" ind2=" ">
    <subfield code="a">℗La ℗seconda parte della Geografia di Strabone di greco tradotta in volgare italiano da m. Alfonso Buonacciuoli ... Con due copiosissime tauole l&apos;vna de&apos; nomi antichi &amp; moderni, l&apos;altra di tutti i nomi, &amp; cose notabili, che in questo libro si contengono</subfield>
  </datafield>
  <datafield tag="210" ind1=" " ind2=" ">
    <subfield code="a">In Ferrara</subfield>
    <subfield code="c">appresso Valente Panizza stampator ducale</subfield>
    <subfield code="d">1565</subfield>
  </datafield>
  <datafield tag="215" ind1=" " ind2=" ">
    <subfield code="a">\52!, 320 p.</subfield>
    <subfield code="d">4ʻ</subfield>
  </datafield>
  <datafield tag="620" ind1=" " ind2=" ">
    <subfield code="a">IT</subfield>
    <subfield code="d">Ferrara</subfield>
  </datafield>
  <datafield tag="700" ind1=" " ind2="0">
    <subfield code="a">Strabo</subfield>
    <subfield code="3">IT\ICCU\CNCA\008376</subfield>
  </datafield>
  <datafield tag="702" ind1=" " ind2="1">
    <subfield code="a">Bonaccioli,</subfield>
    <subfield code="b">Alfonso</subfield>
    <subfield code="3">IT\ICCU\CNCA\012563</subfield>
  </datafield>
  <datafield tag="712" ind1="0" ind2="0">
    <subfield code="a">Panizza, Valente</subfield>
    <subfield code="3">IT\ICCU\CNCT\000282</subfield>
    <subfield code="4">650</subfield>
  </datafield>
  <datafield tag="790" ind1=" " ind2="1">
    <subfield code="a">Buonacciuoli,</subfield>
    <subfield code="b">Alfonso</subfield>
    <subfield code="3">IT\ICCU\CNCA\012884</subfield>
    <subfield code="z">Bonaccioli, Alfonso</subfield>
  </datafield>
  <datafield tag="790" ind1=" " ind2="1">
    <subfield code="a">Bonacciuoli,</subfield>
    <subfield code="b">Alfonso</subfield>
    <subfield code="3">IT\ICCU\CNCA\026527</subfield>
    <subfield code="z">Bonaccioli, Alfonso</subfield>
  </datafield>
  <datafield tag="790" ind1=" " ind2="1">
    <subfield code="a">Bonazzoli,</subfield>
    <subfield code="b">Alfonso</subfield>
    <subfield code="3">IT\ICCU\CNCA\026528</subfield>
    <subfield code="z">Bonaccioli, Alfonso</subfield>
  </datafield>
  <datafield tag="791" ind1="0" ind2="0">
    <subfield code="a">Panicius, Valens</subfield>
    <subfield code="3">IT\ICCU\CNCT\002462</subfield>
    <subfield code="z">Panizza, Valente</subfield>
  </datafield>
  <datafield tag="791" ind1="0" ind2="0">
    <subfield code="a">Panitia, Valens</subfield>
    <subfield code="3">IT\ICCU\CNCT\004020</subfield>
    <subfield code="z">Panizza, Valente</subfield>
  </datafield>
  <datafield tag="791" ind1="0" ind2="0">
    <subfield code="a">Panizzi, Valente</subfield>
    <subfield code="3">IT\ICCU\CNCT\005266</subfield>
    <subfield code="z">Panizza, Valente</subfield>
  </datafield>
  <datafield tag="791" ind1="0" ind2="0">
    <subfield code="a">Pannitius, Valens</subfield>
    <subfield code="3">IT\ICCU\CNCT\005267</subfield>
    <subfield code="z">Panizza, Valente</subfield>
  </datafield>
  <datafield tag="791" ind1="0" ind2="0">
    <subfield code="a">Panitius, Valens</subfield>
    <subfield code="3">IT\ICCU\CNCT\005269</subfield>
    <subfield code="z">Panizza, Valente</subfield>
  </datafield>
  <datafield tag="801" ind1=" " ind2="3">
    <subfield code="a">IT</subfield>
    <subfield code="b">ICCU</subfield>
    <subfield code="c">20201115</subfield>
  </datafield>
  <datafield tag="899" ind1=" " ind2=" ">
    <subfield code="a">Biblioteca comunale Planettiana. Jesi</subfield>
    <subfield code="1">AN0092</subfield>
    <subfield code="2">URB BC</subfield>
  </datafield>
  <datafield tag="899" ind1=" " ind2=" ">
    <subfield code="a">Biblioteca regionale universitaria. Catania</subfield>
    <subfield code="1">CT0062</subfield>
    <subfield code="2">PAL BC</subfield>
  </datafield>
  <datafield tag="899" ind1=" " ind2=" ">
    <subfield code="a">Biblioteca nazionale Braidense. Milano</subfield>
    <subfield code="1">MI0185</subfield>
    <subfield code="2">MIL NB</subfield>
  </datafield>
  <datafield tag="899" ind1=" " ind2=" ">
    <subfield code="a">Biblioteca Estense Universitaria. Modena</subfield>
    <subfield code="1">MO0089</subfield>
    <subfield code="2">MOD BE</subfield>
  </datafield>
  <datafield tag="899" ind1=" " ind2=" ">
    <subfield code="a">Biblioteca Palatina. Parma</subfield>
    <subfield code="1">PR0072</subfield>
    <subfield code="2">PAR PA</subfield>
  </datafield>
</record>
</collection>
